%YAML 1.1
%TAG !u! tag:unity3d.com,2011:
--- !u!243 &-5081407645426911875
AudioMixerGroupController:
  m_ObjectHideFlags: 0
  m_CorrespondingSourceObject: {fileID: 0}
  m_PrefabInstance: {fileID: 0}
  m_PrefabAsset: {fileID: 0}
  m_Name: Music
  m_AudioMixer: {fileID: 24100000}
  m_GroupID: db99d9d41c1dfda43bcaaeb38de8703f
  m_Children: []
  m_Volume: 11f153360be67c841b70597a82de0f39
  m_Pitch: e076554f4366364428cceb47d741a421
  m_Send: 00000000000000000000000000000000
  m_Effects:
  - {fileID: 6313571412737539276}
  m_UserColorIndex: 0
  m_Mute: 0
  m_Solo: 0
  m_BypassEffects: 0
--- !u!241 &24100000
AudioMixerController:
  m_ObjectHideFlags: 0
  m_CorrespondingSourceObject: {fileID: 0}
  m_PrefabInstance: {fileID: 0}
  m_PrefabAsset: {fileID: 0}
  m_Name: MainGameMixer
  m_OutputGroup: {fileID: 0}
  m_MasterGroup: {fileID: 24300002}
  m_Snapshots:
  - {fileID: 24500006}
  m_StartSnapshot: {fileID: 24500006}
  m_SuspendThreshold: -80
  m_EnableSuspend: 1
  m_UpdateMode: 0
  m_ExposedParameters: []
  m_AudioMixerGroupViews:
  - guids:
    - ed8bb79f669c1414da83904befeb8b8b
    - db99d9d41c1dfda43bcaaeb38de8703f
    - 3881361700b05cb4bb4389a95473abc4
    name: View
  m_CurrentViewIndex: 0
  m_TargetSnapshot: {fileID: 24500006}
--- !u!243 &24300002
AudioMixerGroupController:
  m_ObjectHideFlags: 0
  m_CorrespondingSourceObject: {fileID: 0}
  m_PrefabInstance: {fileID: 0}
  m_PrefabAsset: {fileID: 0}
  m_Name: Master
  m_AudioMixer: {fileID: 24100000}
  m_GroupID: ed8bb79f669c1414da83904befeb8b8b
  m_Children:
  - {fileID: -5081407645426911875}
  - {fileID: 1310337353660333641}
  m_Volume: 4ec838faa4c77b34798e54b8d0c4fea8
  m_Pitch: 3651cd4360543d54c8484d96a40b564f
  m_Send: 00000000000000000000000000000000
  m_Effects:
  - {fileID: 24400004}
  m_UserColorIndex: 0
  m_Mute: 0
  m_Solo: 0
  m_BypassEffects: 0
--- !u!244 &24400004
AudioMixerEffectController:
  m_ObjectHideFlags: 3
  m_CorrespondingSourceObject: {fileID: 0}
  m_PrefabInstance: {fileID: 0}
  m_PrefabAsset: {fileID: 0}
  m_Name: 
  m_EffectID: 4a78c7f3aa3b6ad4aa78cd475ded0791
  m_EffectName: Attenuation
  m_MixLevel: c18e949fd283f104f947928136a6e58d
  m_Parameters: []
  m_SendTarget: {fileID: 0}
  m_EnableWetMix: 0
  m_Bypass: 0
--- !u!245 &24500006
AudioMixerSnapshotController:
  m_ObjectHideFlags: 0
  m_CorrespondingSourceObject: {fileID: 0}
  m_PrefabInstance: {fileID: 0}
  m_PrefabAsset: {fileID: 0}
  m_Name: Snapshot
  m_AudioMixer: {fileID: 24100000}
  m_SnapshotID: ffa6df54cc5272d48949e93ebb65e1e1
  m_FloatValues: {}
  m_TransitionOverrides: {}
--- !u!243 &1310337353660333641
AudioMixerGroupController:
  m_ObjectHideFlags: 0
  m_CorrespondingSourceObject: {fileID: 0}
  m_PrefabInstance: {fileID: 0}
  m_PrefabAsset: {fileID: 0}
  m_Name: Sound Effects
  m_AudioMixer: {fileID: 24100000}
  m_GroupID: 3881361700b05cb4bb4389a95473abc4
  m_Children: []
  m_Volume: 29d25b45eded0774bba236fecab50cd0
  m_Pitch: 64ab299e9d4794e49bcd56086e8da7ec
  m_Send: 00000000000000000000000000000000
  m_Effects:
  - {fileID: 4531519847830315033}
  m_UserColorIndex: 0
  m_Mute: 0
  m_Solo: 0
  m_BypassEffects: 0
--- !u!244 &4531519847830315033
AudioMixerEffectController:
  m_ObjectHideFlags: 3
  m_CorrespondingSourceObject: {fileID: 0}
  m_PrefabInstance: {fileID: 0}
  m_PrefabAsset: {fileID: 0}
  m_Name: 
  m_EffectID: e5a587cbbff560e40bc31a1a2a0c8000
  m_EffectName: Attenuation
  m_MixLevel: bced309090cab3b40917e2b91feb3d17
  m_Parameters: []
  m_SendTarget: {fileID: 0}
  m_EnableWetMix: 0
  m_Bypass: 0
--- !u!244 &6313571412737539276
AudioMixerEffectController:
  m_ObjectHideFlags: 3
  m_CorrespondingSourceObject: {fileID: 0}
  m_PrefabInstance: {fileID: 0}
  m_PrefabAsset: {fileID: 0}
  m_Name: 
  m_EffectID: bc04e2079fa93894c9ea9d8f3eb2fb3b
  m_EffectName: Attenuation
  m_MixLevel: 93b3b90b7e605a14ca2bc34da51da3df
  m_Parameters: []
  m_SendTarget: {fileID: 0}
  m_EnableWetMix: 0
  m_Bypass: 0
